{1:F01PT BANK MANDIRI TBK}{2:I942RPL 005 PDJ KPKNL PE}{4:
:20:RPL 005 PDJ KPKNL PE
:25:ID00008107010001070079202000
:28C:00002/001
:34F:IDR0,
:13D:2308061000+0700
:61:2308060806C1399000NTRF00000000//06921354710082647115
:86:UBP60148806701FFFFFF8806714059418326
:61:2308060806C1687500NTRF00000000//06920327210112897115
:86:UBP60148806701FFFFFF8806714182749036
:61:2308060806C2759500NTRF00000000//06920476110083147115
:86:UBP60148806701FFFFFF8806714096284517
:61:2308060806C1399000NTRF00000000//06921246010046517115
:86:UBP60148806701FFFFFF8806714215364890
:90C:4IDR7245000
-}