{1:F01PT BANK MANDIRI TBK}{2:I940RPL 005 PDJ KPKNL PE}{4:
:20:20230807011223
:25:1070079202000
:28C:00169
:60F:C230807IDR225855282
:61:230807D2759500NTRF
:86:202308071219546793
:61:230807D2759500NTRF
:86:202308071221548177
:61:230807D2759500NTRF
:86:202308071218545309
:61:230807D2759500NTRF
:86:202308071220547678
:61:230807D2759500NTRF
:86:202308071217544751
:61:230807D2759500NTRF
:86:202308071221547961
:61:230807D2759500NTRF
:86:202308071224549583
:61:230807D2759500NTRF
:86:202308071223548886
:61:230807D1687500NTRF
:86:202308071226550552
:61:230807D2759500NTRF
:86:202308071222549032
:61:230807D1399000NTRF
:86:202308071235555310
:61:230807D1399000NTRF
:86:202308071227550927
:61:230807D1399000NTRF
:86:202308071228551747
:61:230807D1399000NTRF
:86:202308071229551942
:61:230807D1399000NTRF
:86:202308071231552614
:61:230807D1399000NTRF
:86:202308071230552200
:61:230807C8812105NTRF
:86:UBP60228806701FFFFFF8806714627405318
:61:230807C18371666NTRF
:86:UBP60228806701FFFFFF8806714135890426
:61:230807C26193660NTRF
:86:UBP60148806701FFFFFF8806714069472518
:62F:C230807IDR244315713
-}