{1:F01PT BANK MANDIRI TBK}{2:I942RPL 014 KPKNL PALEMB}{4:
:20:RPL 014 KPKNL PALEMB
:25:ID00008112220001120009003000
:28C:00003/001
:34F:IDR0,
:13D:2308071200+0700
:61:2308070807C40000NTRF00000000//07921308710091537115
:86:UBP60148806701FFFFFF8806704974685231
:61:2308070807C5000NTRF00000000//07920401410126577115
:86:UBP60148806701FFFFFF8806704451329687
:61:2308070807C5000NTRF00000000//07921402210087407115
:86:UBP60148806701FFFFFF8806704721649805
:61:2308070807C5000NTRF00000000//07921070810094817115
:86:UBP60148806701FFFFFF8806704209846371
:61:2308070807C5000NTRF00000000//07921166410092827115
:86:UBP60148806701FFFFFF8806704217586409
:61:2308070807C5000NTRF00000000//07920431810121417115
:86:UBP60148806701FFFFFF8806704146975023
:61:2308070807C5000NTRF00000000//07921365010082307115
:86:UBP60148806701FFFFFF8806704762410958
:61:2308070807C5000NTRF00000000//07921430210094757115
:86:UBP60148806701FFFFFF8806704170893624
:61:2308070807C5000NTRF00000000//07920557510119037115
:86:UBP60148806701FFFFFF8806704683079152
:61:2308070807C5000NTRF00000000//07921352210096617115
:86:UBP60148806701FFFFFF8806704401632897
:61:2308070807C5000NTRF00000000//07921016410083417115
:86:UBP60148806701FFFFFF8806704375684092
:61:2308070807C5000NTRF00000000//07920174410114927115
:86:UBP60148806701FFFFFF8806704843507612
:61:2308070807C5000NTRF00000000//07920105610116247115
:86:UBP60148806701FFFFFF8806704958746032
:61:2308070807C5000NTRF00000000//07920930310090837115
:86:UBP60148806701FFFFFF8806704659304718
:61:2308070807C5000NTRF00000000//07920199510112577115
:86:UBP60148806701FFFFFF8806704689142530
:61:2308070807C5000NTRF00000000//07920976510101257115
:86:UBP60148806701FFFFFF8806704695834712
:61:2308070807C5000NTRF00000000//07921275210084307115
:86:UBP60148806701FFFFFF8806704935274806
:61:2308070807C5000NTRF00000000//07920017510132067115
:86:UBP60148806701FFFFFF8806704236518094
:61:2308070807C5000NTRF00000000//07920574210118707115
:86:UBP60148806701FFFFFF8806704569018723
:61:2308070807C5000NTRF00000000//07920602710116207115
:86:UBP60148806701FFFFFF8806704596810247
:61:2308070807C5000NTRF00000000//07921375010102757115
:86:UBP60148806701FFFFFF8806704034291785
:61:2308070807C5000NTRF00000000//07921077010090997115
:86:UBP60148806701FFFFFF8806704946230185
:61:2308070807C5000NTRF00000000//07921452310087487115
:86:UBP60148806701FFFFFF8806704239064571
:61:2308070807C5000NTRF00000000//07920907210084537115
:86:UBP60148806701FFFFFF8806704586370219
:61:2308070807C5000NTRF00000000//07921320610095027115
:86:UBP60148806701FFFFFF8806704309617258
:61:2308070807C40000NTRF00000000//07921293310103727115
:86:UBP60148806701FFFFFF8806704935287614
:61:2308070807C5000NTRF00000000//07921249910091157115
:86:UBP60148806701FFFFFF8806704340579268
:61:2308071130C702616000NTRF00000000//07113004602000567011
:86:UBP60108806702FFFFFF8806704917036258
:61:2308071130C57000000NTRF00000000//07112220202000457011
:86:UBP60108806702FFFFFF8806704204685319
:90C:29IDR759821000
-}