{1:F01PT BANK MANDIRI}{2:I942KPKNL}{4:
:20:RPL 014 KPKNL PALEMB
:25:ID00008112220001120009003000
:28C:00002/001
:34F:IDR0,
:13D:2308100900+0700
:61:2308101130C20314000NMSC00000000//10994165863076606544
:86:UBP60228806701FFFFFF8806704817504296
:61:2308101130C10196000NMSC00000000//10994178363076586544
:86:UBP60228806701FFFFFF8806704791023564
:61:2308100809C3500000NTRF00000000//10921362010148937115
:86:UBP60148806701FFFFFF8806704305162487
:61:2308100810D740000NTRF00000000//10996180740635187115
:86:UBP60215001202FFFFFF820230810275244
:61:2308100810D193000NTRF00000000//10996180540635167115
:86:UBP60215001202FFFFFF820230810274861
:61:2308100810D9650000NTRF00000000//10996180240635137115
:86:UBP60215001202FFFFFF820230810277458
:61:2308100810D5699999NTRF00000000//10996180340635147115
:86:UBP60215001202FFFFFF820230810277018
:61:2308100810D114000NTRF00000000//10996180640635177115
:86:UBP60215001202FFFFFF820230810274772
:61:2308100810D36999999NTRF00000000//10996180440635157115
:86:UBP60215001202FFFFFF820230810275696
:61:2308101130D600000NTRF00000000//10996348856929947829
:86:UJLK MIZQ6M
:61:2308100810D5000NTRF00000000//10996348556929947820
:86:UJLK GWXIJC
:61:2308100810D5000NTRF00000000//10996347456929947820
:86:UJLK GWXIJC
:61:2308100810D5000NTRF00000000//10996347556929947820
:86:UJLK 1IPD0O
:61:2308100810D5000NTRF00000000//10996348456929947820
:86:UJLK PZPT5R
:61:2308100810D5000NTRF00000000//10996347956929947820
:86:UJLK FGEJF1
:61:2308100810D5000NTRF00000000//10996348256929947820
:86:UJLK JCUFVS
:61:2308100810D5000NTRF00000000//10996347856929947820
:86:UJLK ZL2DWM
:61:2308100810D600000NTRF00000000//10996348156929947820
:86:UJLK MIZQ6M
:61:2308100810D5000NTRF00000000//10996347356929947820
:86:UJLK YH9ITO
:61:2308100810D5000NTRF00000000//10996347656929947820
:86:UJLK FGEJF1
:61:2308101130D600000NTRF00000000//10996347756929947829
:86:UJLK MIZQ6M
:61:2308100810D2000000NTRF00000000//10996347256929947820
:86:UJLK LBMP0M
:61:2308100810D5000NTRF00000000//10996348756929947820
:86:UJLK YJ1CHM
:61:2308101130D20000NTRF00000000//10996348356929947829
:86:UJLK
:61:2308100810D5000NTRF00000000//10996348656929947820
:86:UJLK YJ1CHM
:61:2308100810D5000NTRF00000000//10996348056929947820
:86:UJLK FGEJF1
:61:2308101130D5000NTRF00000000//10996348956929947829
:86:UJLK JADXHA
:61:2308100810D5000NTRF00000000//10996347156929947820
:86:UJLK JADXHA
:90D:25IDR57286998
:90C:3IDR34010000
-}