{1:F01PT BANK MANDIRI TBK}{2:I942RPL 049 KPKNL MANADO}{4:
:20:RPL 049 KPKNL MANADO
:25:ID00008150010001500004160543
:28C:00005/001
:34F:IDR0,
:13D:2308081700+0700
:61:2308081130C300000NTRF00000000//08994261168134276542
:86:UBP60228806701FFFFFF8806708279054183
:61:2308081130C453800NTRF00000000//08994255768134326542
:86:UBP60228806701FFFFFF8806708346780125
:61:2308080808C694800NTRF00000000//08920381710148897115
:86:UBP60148806701FFFFFF8806708948530716
:61:2308080808C630200NTRF00000000//08920584810144647115
:86:UBP60148806701FFFFFF8806708852493160
:61:2308080808C359200NTRF00000000//08921016910116497115
:86:UBP60148806701FFFFFF8806708952306814
:61:2308080808C419000NTRF00000000//08920156010144267115
:86:UBP60148806701FFFFFF8806708397105468
:61:2308080808C491600NTRF00000000//08920393510146257115
:86:UBP60148806701FFFFFF8806708086321579
:61:2308080808C514400NTRF00000000//08921469110108977115
:86:UBP60148806701FFFFFF8806708023647915
:61:2308080808C378200NTRF00000000//08921306010109907115
:86:UBP60148806701FFFFFF8806708278469013
:61:2308080808C557600NTRF00000000//08920619010145377115
:86:UBP60148806701FFFFFF8806708832790145
:61:2308080808C359200NTRF00000000//08920274310144587115
:86:UBP60148806701FFFFFF8806708296714803
:61:2308080808C274400NTRF00000000//08921471610121037115
:86:UBP60148806701FFFFFF8806708690873145
:61:2308080808C294800NTRF00000000//08920176010139227115
:86:UBP60148806701FFFFFF8806708578243091
:61:2308080808C284600NTRF00000000//08921165710130237115
:86:UBP60148806701FFFFFF8806708347256819
:61:2308080808C305000NTRF00000000//08920411810155037115
:86:UBP60148806701FFFFFF8806708847935012
:61:2308080808C359200NTRF00000000//08921191510116437115
:86:UBP60148806701FFFFFF8806708218609437
:61:2308080808C492200NTRF00000000//08921296410123287115
:86:UBP60148806701FFFFFF8806708942086571
:61:2308080808C359200NTRF00000000//08921157510125267115
:86:UBP60148806701FFFFFF8806708482976135
:61:2308080808C429400NTRF00000000//08921265910132817115
:86:UBP60148806701FFFFFF8806708153870296
:61:2308080808C430800NTRF00000000//08921300710102817115
:86:UBP60148806701FFFFFF8806708328647910
:61:2308080808C25000NTRF00000000//08920444210157207115
:86:UBP60148806701FFFFFF8806708702546189
:61:2308080808C25000NTRF00000000//08920490810131027115
:86:UBP60148806701FFFFFF8806708467928053
:61:2308080808C25000NTRF00000000//08921450210121087115
:86:UBP60148806701FFFFFF8806708134682059
:61:2308080808C25000NTRF00000000//08920488110147017115
:86:UBP60148806701FFFFFF8806708390615428
:61:2308080808C25000NTRF00000000//08921524510134367115
:86:UBP60148806701FFFFFF8806708280631754
:90C:25IDR8512600
-}