{1:F01PT BANK NEGARA INDONESIA}{2:I940}{4:
:20:20230727061759
:25:10541288
:28C:207
:60F:C230726IDR14622775527
:61:230726CR813000NTRF//
:86:TRANSFER DARI|946235||||PEMINDAHAN DARI 136315927 Ibu   KUSUMAWARDHANI|||9880050823701398 Kusumawardhani OUKAQY||
:61:230726CR510000NTRF//
:86:TRANSFER DARI|948342||||PEMINDAHAN DARI 136315927 Ibu   KUSUMAWARDHANI|||9880050823039482 Kusumawardhani J8APNP||
:61:230726CR241000NTRF//
:86:TRF/PAY/TOP-UP ECHANNEL|315277||4097669911020000|OE360008472214217605||||9880050823752093 Cecep Maulana JOWU05||
:61:230726CR169520NTRF//
:86:TRANSFER DARI|904656||||PEMINDAHAN DARI 8637098 Ibu HENI  AGUSTINA|||9880050823175306 Heni Agustina NGLCDT||
:61:230726DR350000NTRF//
:86:TRANSFER KE|911891||||PEMINDAHAN KE   189960259 SIMSEM PAYROLL BNI DIRECT-L|||GDRCG9-Reza Pahlefi||
:61:230726DR9000000NTRF//
:86:TRANSFER KE|911906||||PEMINDAHAN KE   189960259 SIMSEM PAYROLL BNI DIRECT-L|||HWTF5Z-BAHARUDDIN||
:61:230726DR200000NTRF//
:86:TRANSFER KE|911915||||PEMINDAHAN KE   189960259 SIMSEM PAYROLL BNI DIRECT-L|||KEAT21-GIYARNO||
:61:230726DR9000000NTRF//
:86:TRANSFER KE|911931||||PEMINDAHAN KE   189960259 SIMSEM PAYROLL BNI DIRECT-L|||HWTF5Z-susanto sungkono||
:61:230726DR350000NTRF//
:86:TRANSFER KE|911947||||PEMINDAHAN KE   189960259 SIMSEM PAYROLL BNI DIRECT-L|||GDRCG9-Ali Mansur||
:61:230726DR450000NTRF//
:86:TRANSFER KE|911978||||PEMINDAHAN KE   189960259 SIMSEM PAYROLL BNI DIRECT-L|||6MT5JR-sukarjo||
:61:230726DR9000000NTRF//
:86:TRANSFER KE|911987||||PEMINDAHAN KE   189960259 SIMSEM PAYROLL BNI DIRECT-L|||HWTF5Z-Agus Setyo Purnomo||
:61:230726DR200000NTRF//
:86:TRANSFER KE|911996||||PEMINDAHAN KE   189960259 SIMSEM PAYROLL BNI DIRECT-L|||KEAT21-Amin Muhaimin||
:61:230726DR350000NTRF//
:86:TRANSFER KE|912003||||PEMINDAHAN KE   189960259 SIMSEM PAYROLL BNI DIRECT-L|||GDRCG9-NOVA SHINTIA MAULANI||
:61:230726DR9000000NTRF//
:86:TRANSFER KE|912022||||PEMINDAHAN KE   189960259 SIMSEM PAYROLL BNI DIRECT-L|||HWTF5Z-Firza Subchan||
:61:230726DR9000000NTRF//
:86:TRANSFER KE|912034||||PEMINDAHAN KE   189960259 SIMSEM PAYROLL BNI DIRECT-L|||HWTF5Z-ADRICH PASKAH||
:61:230726DR350000NTRF//
:86:TRANSFER KE|912042||||PEMINDAHAN KE   189960259 SIMSEM PAYROLL BNI DIRECT-L|||GDRCG9-Fega pramagus saputra||
:61:230726DR350000NTRF//
:86:TRANSFER KE|912050||||PEMINDAHAN KE   189960259 SIMSEM PAYROLL BNI DIRECT-L|||NUS8XZ-RONNY WIRDANANTO||
:61:230726DR5000000NTRF//
:86:TRANSFER KE|912057||||PEMINDAHAN KE   189960259 SIMSEM PAYROLL BNI DIRECT-L|||G2BMUN-Bagus ihclas dandipriaansy||
:61:230726DR450000NTRF//
:86:TRANSFER KE|912063||||PEMINDAHAN KE   189960259 SIMSEM PAYROLL BNI DIRECT-L|||6MT5JR-RIKI INDRA FIRMANSYAH||
:61:230726DR5000000NTRF//
:86:TRANSFER KE|912069||||PEMINDAHAN KE   189960259 SIMSEM PAYROLL BNI DIRECT-L|||G2BMUN-Rakhmadhan Dwi Irawan||
:61:230726DR1734000NTRF//
:86:TRANSFER KE|912073||||PEMINDAHAN KE   189960259 SIMSEM PAYROLL BNI DIRECT-L|||LSBO8J-Adi Alfian||
:61:230726CR659220NTRF//
:86:TRANSFER DARI|915853||||PEMINDAHAN DARI 8637098 Ibu HENI  AGUSTINA|||9880050823812759 Heni Agustina PZINQ6||
:61:230726DR5000000NTRF//
:86:TRANSFER KE|927667||||PEMINDAHAN KE   189960259 SIMSEM PAYROLL BNI DIRECT-L|||G2BMUN-hamsani||
:61:230726DR350000NTRF//
:86:TRANSFER KE|927686||||PEMINDAHAN KE   189960259 SIMSEM PAYROLL BNI DIRECT-L|||GDRCG9-HERLAMBANG KURNIAWAN||
:61:230726DR450000NTRF//
:86:TRANSFER KE|927849||||PEMINDAHAN KE   189960259 SIMSEM PAYROLL BNI DIRECT-L|||6MT5JR-Akhmad Yusli Farchani||
:61:230726DR175000NTRF//
:86:TRANSFER KE|927861||||PEMINDAHAN KE   189960259 SIMSEM PAYROLL BNI DIRECT-L|||DLTR5B-Sumarto||
:61:230726DR175000NTRF//
:86:TRANSFER KE|927906||||PEMINDAHAN KE   189960259 SIMSEM PAYROLL BNI DIRECT-L|||DLTR5B-Afrizal||
:61:230726DR1734000NTRF//
:86:TRANSFER KE|927923||||PEMINDAHAN KE   189960259 SIMSEM PAYROLL BNI DIRECT-L|||LSBO8J-Deby astrina||
:61:230726DR9000000NTRF//
:86:TRANSFER KE|927939||||PEMINDAHAN KE   189960259 SIMSEM PAYROLL BNI DIRECT-L|||HWTF5Z-Stepanus Ebnu Christianta||
:61:230726DR175000NTRF//
:86:TRANSFER KE|927951||||PEMINDAHAN KE   189960259 SIMSEM PAYROLL BNI DIRECT-L|||DLTR5B-arief tamaris||
:61:230726DR450000NTRF//
:86:TRANSFER KE|927967||||PEMINDAHAN KE   189960259 SIMSEM PAYROLL BNI DIRECT-L|||6MT5JR-Herwien agung wicaksono||
:61:230726DR450000NTRF//
:86:TRANSFER KE|927984||||PEMINDAHAN KE   189960259 SIMSEM PAYROLL BNI DIRECT-L|||6MT5JR-Sumantri Ageng Prasetyo||
:61:230726DR5000000NTRF//
:86:TRANSFER KE|927999||||PEMINDAHAN KE   189960259 SIMSEM PAYROLL BNI DIRECT-L|||G2BMUN-Jaenudin||
:61:230726DR175000NTRF//
:86:TRANSFER KE|928014||||PEMINDAHAN KE   189960259 SIMSEM PAYROLL BNI DIRECT-L|||DLTR5B-Deny dwito||
:61:230726DR1734000NTRF//
:86:TRANSFER KE|928030||||PEMINDAHAN KE   189960259 SIMSEM PAYROLL BNI DIRECT-L|||LSBO8J-Teguh Wibowo||
:61:230726DR350000NTRF//
:86:TRANSFER KE|928048||||PEMINDAHAN KE   189960259 SIMSEM PAYROLL BNI DIRECT-L|||GDRCG9-Saryanto||
:61:230726DR350000NTRF//
:86:TRANSFER KE|928058||||PEMINDAHAN KE   189960259 SIMSEM PAYROLL BNI DIRECT-L|||GDRCG9-Sumantri Ageng Prasetyo||
:61:230726DR350000NTRF//
:86:TRANSFER KE|928078||||PEMINDAHAN KE   189960259 SIMSEM PAYROLL BNI DIRECT-L|||GDRCG9-Waluya Tri Nurhadi S.E.||
:61:230726DR5000000NTRF//
:86:TRANSFER KE|928105||||PEMINDAHAN KE   189960259 SIMSEM PAYROLL BNI DIRECT-L|||G2BMUN-VICKY KURNIA||
:61:230726DR450000NTRF//
:86:TRANSFER KE|928120||||PEMINDAHAN KE   189960259 SIMSEM PAYROLL BNI DIRECT-L|||6MT5JR-Fega pramagus saputra||
:61:230726DR350000NTRF//
:86:TRANSFER KE|928136||||PEMINDAHAN KE   189960259 SIMSEM PAYROLL BNI DIRECT-L|||GDRCG9-Mustofa||
:61:230726DR1734000NTRF//
:86:TRANSFER KE|928152||||PEMINDAHAN KE   189960259 SIMSEM PAYROLL BNI DIRECT-L|||LSBO8J-Afrizal||
:61:230726DR350000NTRF//
:86:TRANSFER KE|928171||||PEMINDAHAN KE   189960259 SIMSEM PAYROLL BNI DIRECT-L|||GDRCG9-sukarjo||
:61:230726DR9000000NTRF//
:86:TRANSFER KE|928187||||PEMINDAHAN KE   189960259 SIMSEM PAYROLL BNI DIRECT-L|||HWTF5Z-Mulya Purnama||
:61:230726DR450000NTRF//
:86:TRANSFER KE|928196||||PEMINDAHAN KE   189960259 SIMSEM PAYROLL BNI DIRECT-L|||6MT5JR-Hartono||
:61:230726DR5000000NTRF//
:86:TRANSFER KE|928213||||PEMINDAHAN KE   189960259 SIMSEM PAYROLL BNI DIRECT-L|||G2BMUN-Indra Pratama Adi Nugraha||
:61:230726DR5000000NTRF//
:86:TRANSFER KE|928221||||PEMINDAHAN KE   189960259 SIMSEM PAYROLL BNI DIRECT-L|||G2BMUN-Akhmad rudi supriadi||
:61:230726DR9000000NTRF//
:86:TRANSFER KE|928235||||PEMINDAHAN KE   189960259 SIMSEM PAYROLL BNI DIRECT-L|||HWTF5Z-Rulie Sandyka||
:61:230726DR175000NTRF//
:86:TRANSFER KE|928249||||PEMINDAHAN KE   189960259 SIMSEM PAYROLL BNI DIRECT-L|||DLTR5B-imam christian||
:61:230726DR5000000NTRF//
:86:TRANSFER KE|928271||||PEMINDAHAN KE   189960259 SIMSEM PAYROLL BNI DIRECT-L|||G2BMUN-SURYO UTOMO||
:61:230726DR5000000NTRF//
:86:TRANSFER KE|928287||||PEMINDAHAN KE   189960259 SIMSEM PAYROLL BNI DIRECT-L|||G2BMUN-Asnadi||
:61:230726DR450000NTRF//
:86:TRANSFER KE|928300||||PEMINDAHAN KE   189960259 SIMSEM PAYROLL BNI DIRECT-L|||6MT5JR-GIYARNO||
:61:230726DR5000000NTRF//
:86:TRANSFER KE|928317||||PEMINDAHAN KE   189960259 SIMSEM PAYROLL BNI DIRECT-L|||G2BMUN-IQBAL PISTON NORIS||
:61:230726DR5000000NTRF//
:86:TRANSFER KE|928338||||PEMINDAHAN KE   189960259 SIMSEM PAYROLL BNI DIRECT-L|||G2BMUN-SIGIT HENDRO WAHYONO||
:61:230726DR350000NTRF//
:86:TRANSFER KE|928348||||PEMINDAHAN KE   189960259 SIMSEM PAYROLL BNI DIRECT-L|||GDRCG9-Iswadi||
:61:230726DR350000NTRF//
:86:TRANSFER KE|928366||||PEMINDAHAN KE   189960259 SIMSEM PAYROLL BNI DIRECT-L|||GDRCG9-Wildan Khamdani||
:61:230726DR350000NTRF//
:86:TRANSFER KE|928378||||PEMINDAHAN KE   189960259 SIMSEM PAYROLL BNI DIRECT-L|||NUS8XZ-Rakhmadhan Dwi Irawan||
:61:230726DR5000000NTRF//
:86:TRANSFER KE|928391||||PEMINDAHAN KE   189960259 SIMSEM PAYROLL BNI DIRECT-L|||G2BMUN-GUSPARDI PUTRA||
:61:230726DR5000000NTRF//
:86:TRANSFER KE|928406||||PEMINDAHAN KE   189960259 SIMSEM PAYROLL BNI DIRECT-L|||G2BMUN-Fajar cahyadi rajendra||
:61:230726DR9000000NTRF//
:86:TRANSFER KE|928420||||PEMINDAHAN KE   189960259 SIMSEM PAYROLL BNI DIRECT-L|||HWTF5Z-Dhanu Damai Buwana||
:61:230726DR1734000NTRF//
:86:TRANSFER KE|928442||||PEMINDAHAN KE   189960259 SIMSEM PAYROLL BNI DIRECT-L|||LSBO8J-Nur Intiyah||
:61:230726DR9000000NTRF//
:86:TRANSFER KE|928455||||PEMINDAHAN KE   189960259 SIMSEM PAYROLL BNI DIRECT-L|||HWTF5Z-Rakhmadhan Dwi Irawan||
:61:230726DR5000000NTRF//
:86:TRANSFER KE|928464||||PEMINDAHAN KE   189960259 SIMSEM PAYROLL BNI DIRECT-L|||G2BMUN-Alamsah Hasibuan||
:61:230726DR450000NTRF//
:86:TRANSFER KE|928482||||PEMINDAHAN KE   189960259 SIMSEM PAYROLL BNI DIRECT-L|||6MT5JR-Iwan Dharmawan||
:61:230726DR5000000NTRF//
:86:TRANSFER KE|928495||||PEMINDAHAN KE   189960259 SIMSEM PAYROLL BNI DIRECT-L|||G2BMUN-TIO NURDIANA FIRMANSYAH||
:61:230726DR200000NTRF//
:86:TRANSFER KE|928508||||PEMINDAHAN KE   189960259 SIMSEM PAYROLL BNI DIRECT-L|||KEAT21-Fega pramagus saputra||
:61:230726DR450000NTRF//
:86:TRANSFER KE|928521||||PEMINDAHAN KE   189960259 SIMSEM PAYROLL BNI DIRECT-L|||6MT5JR-Rahmat Setyono||
:61:230726DR350000NTRF//
:86:TRANSFER KE|928533||||PEMINDAHAN KE   189960259 SIMSEM PAYROLL BNI DIRECT-L|||NUS8XZ-Ali Mansur||
:61:230726DR350000NTRF//
:86:TRANSFER KE|928550||||PEMINDAHAN KE   189960259 SIMSEM PAYROLL BNI DIRECT-L|||GDRCG9-Rakhmadhan Dwi Irawan||
:61:230726DR350000NTRF//
:86:TRANSFER KE|928563||||PEMINDAHAN KE   189960259 SIMSEM PAYROLL BNI DIRECT-L|||GDRCG9-Yulianto agus wibowo||
:61:230726DR5000000NTRF//
:86:TRANSFER KE|928581||||PEMINDAHAN KE   189960259 SIMSEM PAYROLL BNI DIRECT-L|||G2BMUN-Mulya Purnama||
:61:230726CR1447120NTRF//
:86:TRANSFER DARI|941595||||PEMINDAHAN DARI 8637098 Ibu HENI  AGUSTINA|||9880050823794501 Heni Agustina 8TBZHA||
:61:230726CR113300NTRF//
:86:TRF/PAY/TOP-UP ECHANNEL|270743||5221843007373504|OM360002000088880253||||9880050823240685 Muhammad Miftahur Rokhmat CSYGT4||
:61:230726DR65000NTRF//
:86:TRANSFER KE|923267||||PEMINDAHAN KE   189960259 SIMSEM PAYROLL BNI DIRECT-L|||JOWU05-Wiliyan||
:61:230726DR550000NTRF//
:86:TRANSFER KE|923273||||PEMINDAHAN KE   189960259 SIMSEM PAYROLL BNI DIRECT-L|||PNQWXB-Lanny Sri lestari sumito||
:61:230726DR101000NTRF//
:86:TRANSFER KE|923290||||PEMINDAHAN KE   189960259 SIMSEM PAYROLL BNI DIRECT-L|||UNCK2C-Mohammad suhendra||
:61:230726DR230000NTRF//
:86:TRANSFER KE|923306||||PEMINDAHAN KE   189960259 SIMSEM PAYROLL BNI DIRECT-L|||S54NMJ-Richard Raphael S||
:61:230726DR550000NTRF//
:86:TRANSFER KE|923317||||PEMINDAHAN KE   189960259 SIMSEM PAYROLL BNI DIRECT-L|||PNQWXB-hary juliandy||
:61:230726DR8000000NTRF//
:86:TRANSFER KE|923326||||PEMINDAHAN KE   189960259 SIMSEM PAYROLL BNI DIRECT-L|||G2NFI8-MUGI ARSIMA||
:61:230726DR65000NTRF//
:86:TRANSFER KE|923383||||PEMINDAHAN KE   189960259 SIMSEM PAYROLL BNI DIRECT-L|||DLVE8E-Mohammad suhendra||
:61:230726DR550000NTRF//
:86:TRANSFER KE|923399||||PEMINDAHAN KE   189960259 SIMSEM PAYROLL BNI DIRECT-L|||PNQWXB-KINARA AYU HATI IMANANDA P||
:61:230726DR8000000NTRF//
:86:TRANSFER KE|923412||||PEMINDAHAN KE   189960259 SIMSEM PAYROLL BNI DIRECT-L|||G2NFI8-Gunadi Tannada||
:61:230726DR75000NTRF//
:86:TRANSFER KE|923423||||PEMINDAHAN KE   189960259 SIMSEM PAYROLL BNI DIRECT-L|||LSBZDE-Mohammad suhendra||
:61:230726DR75000NTRF//
:86:TRANSFER KE|923439||||PEMINDAHAN KE   189960259 SIMSEM PAYROLL BNI DIRECT-L|||LSBZDE-Nurmiyati||
:61:230726DR280000NTRF//
:86:TRANSFER KE|923459||||PEMINDAHAN KE   189960259 SIMSEM PAYROLL BNI DIRECT-L|||VXYGAE-Richard Raphael S||
:61:230726DR68000NTRF//
:86:TRANSFER KE|923474||||PEMINDAHAN KE   189960259 SIMSEM PAYROLL BNI DIRECT-L|||OPW0BM-Panji wijayanto||
:61:230726DR250000NTRF//
:86:TRANSFER KE|923574||||PEMINDAHAN KE   189960259 SIMSEM PAYROLL BNI DIRECT-L|||2OG1CL-Debora Angreini Manik||
:61:230726DR550000NTRF//
:86:TRANSFER KE|923601||||PEMINDAHAN KE   189960259 SIMSEM PAYROLL BNI DIRECT-L|||PNQWXB-Deni Irawan||
:61:230726DR61000NTRF//
:86:TRANSFER KE|923624||||PEMINDAHAN KE   189960259 SIMSEM PAYROLL BNI DIRECT-L|||NGLCDT-Yayasan Gading Tunas Bangs||
:61:230726DR101000NTRF//
:86:TRANSFER KE|923639||||PEMINDAHAN KE   189960259 SIMSEM PAYROLL BNI DIRECT-L|||UNCK2C-wisnu sulistiono karto||
:61:230726DR95000NTRF//
:86:TRANSFER KE|923675||||PEMINDAHAN KE   189960259 SIMSEM PAYROLL BNI DIRECT-L|||EIQOP6-Rakhmadhan Dwi Irawan||
:61:230726DR550000NTRF//
:86:TRANSFER KE|923699||||PEMINDAHAN KE   189960259 SIMSEM PAYROLL BNI DIRECT-L|||PNQWXB-Astu Adi Laksana||
:61:230726DR90000NTRF//
:86:TRANSFER KE|923719||||PEMINDAHAN KE   189960259 SIMSEM PAYROLL BNI DIRECT-L|||1XDUPV-Muhammad Miftahur Rokhmat||
:61:230726DR75000NTRF//
:86:TRANSFER KE|923733||||PEMINDAHAN KE   189960259 SIMSEM PAYROLL BNI DIRECT-L|||LSBZDE-iswati||
:61:230726DR250000NTRF//
:86:TRANSFER KE|923765||||PEMINDAHAN KE   189960259 SIMSEM PAYROLL BNI DIRECT-L|||2OG1CL-Lanny Sri lestari sumito||
:61:230726DR65000NTRF//
:86:TRANSFER KE|923779||||PEMINDAHAN KE   189960259 SIMSEM PAYROLL BNI DIRECT-L|||JOWU05-Nurmiyati||
:61:230726DR8000000NTRF//
:86:TRANSFER KE|923793||||PEMINDAHAN KE   189960259 SIMSEM PAYROLL BNI DIRECT-L|||G2NFI8-Bayu Adji prasetyo||
:61:230726DR24000NTRF//
:86:TRANSFER KE|924029||||PEMINDAHAN KE   189960259 SIMSEM PAYROLL BNI DIRECT-L|||ANCMTT-Mohammad suhendra||
:61:230726DR250000NTRF//
:86:TRANSFER KE|924039||||PEMINDAHAN KE   189960259 SIMSEM PAYROLL BNI DIRECT-L|||2OG1CL-jandi mukianto||
:61:230726DR95000NTRF//
:86:TRANSFER KE|924047||||PEMINDAHAN KE   189960259 SIMSEM PAYROLL BNI DIRECT-L|||EIQOP6-Alvin Imanuel||
:61:230726DR75000NTRF//
:86:TRANSFER KE|485380||||PEMINDAHAN KE   251157251 Bpk SUTIKNO  SUMOMIHARJO|||WV629Y-Sutikno Sumomiharjo       ||0251157251 202307263012941814|
:61:230726DR8000000NTRF//
:86:TRANSFER KE|494145||||PEMINDAHAN KE   1754505166 Sdr   GUNAWAN|||G2NFI8-Gunawan                   ||1754505166 202307264112941913|
:61:230726DR550000NTRF//
:86:TRANSFER KE|503031||||PEMINDAHAN KE   1301608997 Bpk YANUAR  ADHI WINAHYU|||PNQWXB-yanuar adhi winahyu       ||1301608997 202307260412941719|
:61:230726DR65000NTRF//
:86:TRANSFER KE|507010||||PEMINDAHAN KE   331679596 Ibu TRI ZULHIJA JULIANA|||DLVE8E-TRI ZULHIJA JULIANA       ||0331679596 202307262012941782|
:61:230726DR550000NTRF//
:86:TRANSFER KE|939121||||PEMINDAHAN KE   189960259 SIMSEM PAYROLL BNI DIRECT-L|||PNQWXB-Panji wijayanto||
:61:230726DR61000NTRF//
:86:TRANSFER KE|511068||||PEMINDAHAN KE   4176764 Bpk MUHAMAD YUNAN HELMI|||NGLCDT-MUHAMAD YUNAN HELMI       ||0004176764 202307263612941883|
:61:230726DR24000NTRF//
:86:TRANSFER KE|939580||||PEMINDAHAN KE   189960259 SIMSEM PAYROLL BNI DIRECT-L|||ANCMTT-Nurmiyati||
:61:230726DR65000NTRF//
:86:TRANSFER KE|939600||||PEMINDAHAN KE   189960259 SIMSEM PAYROLL BNI DIRECT-L|||JOWU05-Tri Wuryani||
:61:230726DR550000NTRF//
:86:TRANSFER KE|940059||||PEMINDAHAN KE   189960259 SIMSEM PAYROLL BNI DIRECT-L|||PNQWXB-jandi mukianto||
:61:230726DR8000000NTRF//
:86:TRANSFER KE|940089||||PEMINDAHAN KE   189960259 SIMSEM PAYROLL BNI DIRECT-L|||G2NFI8-Muchamad Azwar Charis||
:61:230726DR8000000NTRF//
:86:TRANSFER KE|940098||||PEMINDAHAN KE   189960259 SIMSEM PAYROLL BNI DIRECT-L|||G2NFI8-Nurmiyati||
:61:230726DR95000NTRF//
:86:TRANSFER KE|940123||||PEMINDAHAN KE   189960259 SIMSEM PAYROLL BNI DIRECT-L|||EIQOP6-Mohammad suhendra||
:61:230726DR550000NTRF//
:86:TRANSFER KE|940130||||PEMINDAHAN KE   189960259 SIMSEM PAYROLL BNI DIRECT-L|||PNQWXB-Muhammad Dio Virdawan Putr||
:61:230726DR145000NTRF//
:86:TRANSFER KE|940138||||PEMINDAHAN KE   189960259 SIMSEM PAYROLL BNI DIRECT-L|||STAUGV-saiful anwar||
:61:230726DR65000NTRF//
:86:TRANSFER KE|940172||||PEMINDAHAN KE   189960259 SIMSEM PAYROLL BNI DIRECT-L|||JOWU05-Palupi Anggraeni||
:61:230726DR8000000NTRF//
:86:TRANSFER KE|940209||||PEMINDAHAN KE   189960259 SIMSEM PAYROLL BNI DIRECT-L|||G2NFI8-Rakhmadhan Dwi Irawan||
:61:230726DR68000NTRF//
:86:TRANSFER KE|940229||||PEMINDAHAN KE   189960259 SIMSEM PAYROLL BNI DIRECT-L|||OPW0BM-iswati||
:61:230726DR550000NTRF//
:86:TRANSFER KE|526500||||PEMINDAHAN KE   358698745 Sdr ANGGANA BAYU AJI|||PNQWXB-Anggana Bayu Aji          ||0358698745 202307260212941706|
:61:230726DR700000NTRF//
:86:TRANSFER KE|538315||||PEMINDAHAN KE   331679596 Ibu TRI ZULHIJA JULIANA|||KSLDYI-TRI ZULHIJA JULIANA       ||0331679596 202307261812941771|
:61:230726DR95000NTRF//
:86:TRANSFER KE|542181||||PEMINDAHAN KE   1763465019 Sdr AAN ANDRI ANTO|||EIQOP6-AAN ANDRI ANTO            ||1763465019 202307262012941780|
:61:230726DR5000000NTRF//
:86:TRANSFER KE|955158||||PEMINDAHAN KE   189960259 SIMSEM PAYROLL BNI DIRECT-L|||G2BMUN-syamturnado||
:61:230726DR9000000NTRF//
:86:TRANSFER KE|955658||||PEMINDAHAN KE   189960259 SIMSEM PAYROLL BNI DIRECT-L|||HWTF5Z-Achmad Bardi Halim||
:61:230726DR5000000NTRF//
:86:TRANSFER KE|955670||||PEMINDAHAN KE   189960259 SIMSEM PAYROLL BNI DIRECT-L|||G2BMUN-arif eko prasetyo||
:61:230726DR350000NTRF//
:86:TRANSFER KE|955710||||PEMINDAHAN KE   189960259 SIMSEM PAYROLL BNI DIRECT-L|||NUS8XZ-ACHMAD GHOFAR THABRONI||
:61:230726DR9000000NTRF//
:86:TRANSFER KE|955733||||PEMINDAHAN KE   189960259 SIMSEM PAYROLL BNI DIRECT-L|||HWTF5Z-SADOK MULIATER||
:61:230726DR9000000NTRF//
:86:TRANSFER KE|955749||||PEMINDAHAN KE   189960259 SIMSEM PAYROLL BNI DIRECT-L|||HWTF5Z-ERIKA LUSIANI SINAGA||
:61:230726DR5000000NTRF//
:86:TRANSFER KE|955757||||PEMINDAHAN KE   189960259 SIMSEM PAYROLL BNI DIRECT-L|||G2BMUN-R.SOEJADMIKO||
:61:230726DR9000000NTRF//
:86:TRANSFER KE|955761||||PEMINDAHAN KE   189960259 SIMSEM PAYROLL BNI DIRECT-L|||HWTF5Z-SIGIT HENDRO WAHYONO||
:61:230726DR5000000NTRF//
:86:TRANSFER KE|955770||||PEMINDAHAN KE   189960259 SIMSEM PAYROLL BNI DIRECT-L|||G2BMUN-IR SUROTO SOSRO HUSODO||
:61:230726DR350000NTRF//
:86:TRANSFER KE|955783||||PEMINDAHAN KE   189960259 SIMSEM PAYROLL BNI DIRECT-L|||GDRCG9-Muhammad Zulfikar Hidayat||
:61:230726DR200000NTRF//
:86:TRANSFER KE|955795||||PEMINDAHAN KE   189960259 SIMSEM PAYROLL BNI DIRECT-L|||KEAT21-Akhmad Yusli Farchani||
:61:230726DR5000000NTRF//
:86:TRANSFER KE|955808||||PEMINDAHAN KE   189960259 SIMSEM PAYROLL BNI DIRECT-L|||G2BMUN-NUNUNG AJI WIBOWO||
:61:230726DR350000NTRF//
:86:TRANSFER KE|955827||||PEMINDAHAN KE   189960259 SIMSEM PAYROLL BNI DIRECT-L|||GDRCG9-Yudi Purbosari||
:61:230726DR9000000NTRF//
:86:TRANSFER KE|955840||||PEMINDAHAN KE   189960259 SIMSEM PAYROLL BNI DIRECT-L|||HWTF5Z-Dodik Setyawan Suyata||
:61:230726DR450000NTRF//
:86:TRANSFER KE|955849||||PEMINDAHAN KE   189960259 SIMSEM PAYROLL BNI DIRECT-L|||6MT5JR-Deby astrina||
:61:230726DR9000000NTRF//
:86:TRANSFER KE|955860||||PEMINDAHAN KE   189960259 SIMSEM PAYROLL BNI DIRECT-L|||HWTF5Z-Alamsah Hasibuan||
:61:230726DR175000NTRF//
:86:TRANSFER KE|955891||||PEMINDAHAN KE   189960259 SIMSEM PAYROLL BNI DIRECT-L|||DLTR5B-Muhammad Fathi||
:61:230726DR350000NTRF//
:86:TRANSFER KE|955897||||PEMINDAHAN KE   189960259 SIMSEM PAYROLL BNI DIRECT-L|||NUS8XZ-Susanto||
:61:230726DR5000000NTRF//
:86:TRANSFER KE|955908||||PEMINDAHAN KE   189960259 SIMSEM PAYROLL BNI DIRECT-L|||G2BMUN-susanto sungkono||
:61:230726DR200000NTRF//
:86:TRANSFER KE|955918||||PEMINDAHAN KE   189960259 SIMSEM PAYROLL BNI DIRECT-L|||KEAT21-Deny dwito||
:61:230726DR9000000NTRF//
:86:TRANSFER KE|955924||||PEMINDAHAN KE   189960259 SIMSEM PAYROLL BNI DIRECT-L|||HWTF5Z-Oky pujo isnanto||
:61:230726DR350000NTRF//
:86:TRANSFER KE|955937||||PEMINDAHAN KE   189960259 SIMSEM PAYROLL BNI DIRECT-L|||GDRCG9-Dudi Gurnadi Kartasasmita||
:61:230726DR450000NTRF//
:86:TRANSFER KE|955950||||PEMINDAHAN KE   189960259 SIMSEM PAYROLL BNI DIRECT-L|||6MT5JR-FATCHUL DEDY SANJAYA||
:61:230726DR1734000NTRF//
:86:TRANSFER KE|955968||||PEMINDAHAN KE   189960259 SIMSEM PAYROLL BNI DIRECT-L|||LSBO8J-MUHAMAD YUSUF AFANDI||
:61:230726DR125000NTRF//
:86:TRANSFER KE|955978||||PEMINDAHAN KE   189960259 SIMSEM PAYROLL BNI DIRECT-L|||BLVSCD-Afrizal||
:61:230726DR5000000NTRF//
:86:TRANSFER KE|955991||||PEMINDAHAN KE   189960259 SIMSEM PAYROLL BNI DIRECT-L|||G2BMUN-Catur Prasetyo||
:61:230726DR5000000NTRF//
:86:TRANSFER KE|956008||||PEMINDAHAN KE   189960259 SIMSEM PAYROLL BNI DIRECT-L|||G2BMUN-ERIKA LUSIANI SINAGA||
:61:230726DR9000000NTRF//
:86:TRANSFER KE|956017||||PEMINDAHAN KE   189960259 SIMSEM PAYROLL BNI DIRECT-L|||HWTF5Z-Antok Adi Prasetyo||
:61:230726DR5000000NTRF//
:86:TRANSFER KE|956027||||PEMINDAHAN KE   189960259 SIMSEM PAYROLL BNI DIRECT-L|||G2BMUN-Rahayu sulistyoningsih||
:61:230726DR9000000NTRF//
:86:TRANSFER KE|956042||||PEMINDAHAN KE   189960259 SIMSEM PAYROLL BNI DIRECT-L|||HWTF5Z-Ali Mansur||
:61:230726DR5000000NTRF//
:86:TRANSFER KE|956057||||PEMINDAHAN KE   189960259 SIMSEM PAYROLL BNI DIRECT-L|||G2BMUN-Haris Rudito||
:61:230726DR450000NTRF//
:86:TRANSFER KE|956066||||PEMINDAHAN KE   189960259 SIMSEM PAYROLL BNI DIRECT-L|||6MT5JR-Yulianto agus wibowo||
:61:230726DR450000NTRF//
:86:TRANSFER KE|956085||||PEMINDAHAN KE   189960259 SIMSEM PAYROLL BNI DIRECT-L|||6MT5JR-Rahmawan Malik Saifuddin||
:61:230726DR350000NTRF//
:86:TRANSFER KE|956092||||PEMINDAHAN KE   189960259 SIMSEM PAYROLL BNI DIRECT-L|||GDRCG9-Muhammad Ali||
:61:230726DR5000000NTRF//
:86:TRANSFER KE|956101||||PEMINDAHAN KE   189960259 SIMSEM PAYROLL BNI DIRECT-L|||G2BMUN-Yayasan Gading Tunas Bangs||
:61:230726DR450000NTRF//
:86:TRANSFER KE|956113||||PEMINDAHAN KE   189960259 SIMSEM PAYROLL BNI DIRECT-L|||6MT5JR-RYAN TANTAN SEMBIRING MELI||
:61:230726DR450000NTRF//
:86:TRANSFER KE|956120||||PEMINDAHAN KE   189960259 SIMSEM PAYROLL BNI DIRECT-L|||6MT5JR-Agung Laksono||
:61:230726DR450000NTRF//
:86:TRANSFER KE|956129||||PEMINDAHAN KE   189960259 SIMSEM PAYROLL BNI DIRECT-L|||6MT5JR-Joko waluyo||
:61:230726DR9000000NTRF//
:86:TRANSFER KE|956140||||PEMINDAHAN KE   189960259 SIMSEM PAYROLL BNI DIRECT-L|||HWTF5Z-Arif dwi nugroho||
:61:230726DR350000NTRF//
:86:TRANSFER KE|956147||||PEMINDAHAN KE   189960259 SIMSEM PAYROLL BNI DIRECT-L|||GDRCG9-RIKI INDRA FIRMANSYAH||
:61:230726DR9000000NTRF//
:86:TRANSFER KE|956152||||PEMINDAHAN KE   189960259 SIMSEM PAYROLL BNI DIRECT-L|||HWTF5Z-Rudi Kisworo||
:61:230726DR350000NTRF//
:86:TRANSFER KE|956166||||PEMINDAHAN KE   189960259 SIMSEM PAYROLL BNI DIRECT-L|||GDRCG9-Maichel Alfredo||
:61:230726DR350000NTRF//
:86:TRANSFER KE|956180||||PEMINDAHAN KE   189960259 SIMSEM PAYROLL BNI DIRECT-L|||NUS8XZ-R djaenal abidin||
:61:230726DR450000NTRF//
:86:TRANSFER KE|956196||||PEMINDAHAN KE   189960259 SIMSEM PAYROLL BNI DIRECT-L|||6MT5JR-adi haryadi||
:61:230726DR350000NTRF//
:86:TRANSFER KE|956213||||PEMINDAHAN KE   189960259 SIMSEM PAYROLL BNI DIRECT-L|||NUS8XZ-Joko Sujatmiko||
:61:230726DR5000000NTRF//
:86:TRANSFER KE|956227||||PEMINDAHAN KE   189960259 SIMSEM PAYROLL BNI DIRECT-L|||G2BMUN-Fafan djauhari affandy||
:61:230726DR350000NTRF//
:86:TRANSFER KE|956237||||PEMINDAHAN KE   189960259 SIMSEM PAYROLL BNI DIRECT-L|||GDRCG9-Heri Prasetyo||
:61:230726DR350000NTRF//
:86:TRANSFER KE|956244||||PEMINDAHAN KE   189960259 SIMSEM PAYROLL BNI DIRECT-L|||GDRCG9-ROKHMAT ISMAIL||
:61:230726DR450000NTRF//
:86:TRANSFER KE|956258||||PEMINDAHAN KE   189960259 SIMSEM PAYROLL BNI DIRECT-L|||6MT5JR-Intan sri christani||
:61:230726DR9000000NTRF//
:86:TRANSFER KE|956269||||PEMINDAHAN KE   189960259 SIMSEM PAYROLL BNI DIRECT-L|||HWTF5Z-Imam Firdaus||
:61:230726DR23000NTRF//
:86:TRANSFER KE|628393||||PEMINDAHAN KE   331679596 Ibu TRI ZULHIJA JULIANA|||N0OCIK-TRI ZULHIJA JULIANA       ||0331679596 202307260012942034|
:61:230726DR5000000NTRF//
:86:TRANSFER KE|970825||||PEMINDAHAN KE   189960259 SIMSEM PAYROLL BNI DIRECT-L|||G2BMUN-ASEP SAEPUL||
:61:230726DR200000NTRF//
:86:TRANSFER KE|970842||||PEMINDAHAN KE   189960259 SIMSEM PAYROLL BNI DIRECT-L|||KEAT21-Yohanes||
:61:230726DR450000NTRF//
:86:TRANSFER KE|970849||||PEMINDAHAN KE   189960259 SIMSEM PAYROLL BNI DIRECT-L|||6MT5JR-Rakhmadhan Dwi Irawan||
:61:230726DR5000000NTRF//
:86:TRANSFER KE|970861||||PEMINDAHAN KE   189960259 SIMSEM PAYROLL BNI DIRECT-L|||G2BMUN-H irfan jaya idris Dg romb||
:61:230726DR5000000NTRF//
:86:TRANSFER KE|970877||||PEMINDAHAN KE   189960259 SIMSEM PAYROLL BNI DIRECT-L|||G2BMUN-Oky pujo isnanto||
:61:230726DR5000000NTRF//
:86:TRANSFER KE|970890||||PEMINDAHAN KE   189960259 SIMSEM PAYROLL BNI DIRECT-L|||G2BMUN-Artono Hastodjaya Hanasti||
:61:230726DR450000NTRF//
:86:TRANSFER KE|970912||||PEMINDAHAN KE   189960259 SIMSEM PAYROLL BNI DIRECT-L|||6MT5JR-Hendhi Charinta Septayana||
:61:230726DR350000NTRF//
:86:TRANSFER KE|970930||||PEMINDAHAN KE   189960259 SIMSEM PAYROLL BNI DIRECT-L|||NUS8XZ-Hartono||
:61:230726DR350000NTRF//
:86:TRANSFER KE|970961||||PEMINDAHAN KE   189960259 SIMSEM PAYROLL BNI DIRECT-L|||NUS8XZ-Ahmad Farhan||
:61:230726DR5000000NTRF//
:86:TRANSFER KE|970969||||PEMINDAHAN KE   189960259 SIMSEM PAYROLL BNI DIRECT-L|||G2BMUN-Indrasto indrajaya||
:61:230726DR5000000NTRF//
:86:TRANSFER KE|970986||||PEMINDAHAN KE   189960259 SIMSEM PAYROLL BNI DIRECT-L|||G2BMUN-bambang nugroho dwi atmojo||
:61:230726DR450000NTRF//
:86:TRANSFER KE|970999||||PEMINDAHAN KE   189960259 SIMSEM PAYROLL BNI DIRECT-L|||6MT5JR-HERU||
:61:230726DR175000NTRF//
:86:TRANSFER KE|971007||||PEMINDAHAN KE   189960259 SIMSEM PAYROLL BNI DIRECT-L|||DLTR5B-Iswadi||
:61:230726DR175000NTRF//
:86:TRANSFER KE|971015||||PEMINDAHAN KE   189960259 SIMSEM PAYROLL BNI DIRECT-L|||DLTR5B-Akhmad Yusli Farchani||
:61:230726DR5000000NTRF//
:86:TRANSFER KE|971025||||PEMINDAHAN KE   189960259 SIMSEM PAYROLL BNI DIRECT-L|||G2BMUN-Dhea Nindita Rizky Ramadha||
:61:230726DR350000NTRF//
:86:TRANSFER KE|971040||||PEMINDAHAN KE   189960259 SIMSEM PAYROLL BNI DIRECT-L|||GDRCG9-Julkarnain||
:61:230726DR5000000NTRF//
:86:TRANSFER KE|971050||||PEMINDAHAN KE   189960259 SIMSEM PAYROLL BNI DIRECT-L|||G2BMUN-MUH KHANIFAN||
:61:230726DR9000000NTRF//
:86:TRANSFER KE|971059||||PEMINDAHAN KE   189960259 SIMSEM PAYROLL BNI DIRECT-L|||HWTF5Z-Bagus Wardana Kintoko||
:61:230726DR9000000NTRF//
:86:TRANSFER KE|971068||||PEMINDAHAN KE   189960259 SIMSEM PAYROLL BNI DIRECT-L|||HWTF5Z-Oscar Tosagena||
:61:230726DR5000000NTRF//
:86:TRANSFER KE|971078||||PEMINDAHAN KE   189960259 SIMSEM PAYROLL BNI DIRECT-L|||G2BMUN-Stepanus Ebnu Christianta||
:61:230726DR175000NTRF//
:86:TRANSFER KE|971094||||PEMINDAHAN KE   189960259 SIMSEM PAYROLL BNI DIRECT-L|||DLTR5B-Fega pramagus saputra||
:61:230726DR450000NTRF//
:86:TRANSFER KE|971099||||PEMINDAHAN KE   189960259 SIMSEM PAYROLL BNI DIRECT-L|||6MT5JR-arief tamaris||
:61:230726DR9000000NTRF//
:86:TRANSFER KE|971104||||PEMINDAHAN KE   189960259 SIMSEM PAYROLL BNI DIRECT-L|||HWTF5Z-MUHAMMAD ELKO PASA||
:61:230726DR5000000NTRF//
:86:TRANSFER KE|971114||||PEMINDAHAN KE   189960259 SIMSEM PAYROLL BNI DIRECT-L|||G2BMUN-Supriyanto||
:61:230726DR350000NTRF//
:86:TRANSFER KE|971128||||PEMINDAHAN KE   189960259 SIMSEM PAYROLL BNI DIRECT-L|||GDRCG9-R djaenal abidin||
:61:230726DR5000000NTRF//
:86:TRANSFER KE|971139||||PEMINDAHAN KE   189960259 SIMSEM PAYROLL BNI DIRECT-L|||G2BMUN-HENDI FAHLEVI||
:61:230726DR450000NTRF//
:86:TRANSFER KE|971164||||PEMINDAHAN KE   189960259 SIMSEM PAYROLL BNI DIRECT-L|||6MT5JR-Ari susanto||
:61:230726DR5000000NTRF//
:86:TRANSFER KE|971175||||PEMINDAHAN KE   189960259 SIMSEM PAYROLL BNI DIRECT-L|||G2BMUN-Haryanto||
:61:230726DR350000NTRF//
:86:TRANSFER KE|971193||||PEMINDAHAN KE   189960259 SIMSEM PAYROLL BNI DIRECT-L|||NUS8XZ-fauziah||
:61:230726DR5000000NTRF//
:86:TRANSFER KE|971209||||PEMINDAHAN KE   189960259 SIMSEM PAYROLL BNI DIRECT-L|||G2BMUN-MUHAMMAD ELKO PASA||
:61:230726DR350000NTRF//
:86:TRANSFER KE|971221||||PEMINDAHAN KE   189960259 SIMSEM PAYROLL BNI DIRECT-L|||GDRCG9-Joko Sujatmiko||
:61:230726DR1734000NTRF//
:86:TRANSFER KE|971233||||PEMINDAHAN KE   189960259 SIMSEM PAYROLL BNI DIRECT-L|||LSBO8J-Sahruji||
:61:230726DR5000000NTRF//
:86:TRANSFER KE|971255||||PEMINDAHAN KE   189960259 SIMSEM PAYROLL BNI DIRECT-L|||G2BMUN-Bagus Wardana Kintoko||
:61:230726DR450000NTRF//
:86:TRANSFER KE|971271||||PEMINDAHAN KE   189960259 SIMSEM PAYROLL BNI DIRECT-L|||6MT5JR-Murdianto||
:61:230726DR450000NTRF//
:86:TRANSFER KE|971290||||PEMINDAHAN KE   189960259 SIMSEM PAYROLL BNI DIRECT-L|||6MT5JR-Mustofa||
:61:230726DR350000NTRF//
:86:TRANSFER KE|971309||||PEMINDAHAN KE   189960259 SIMSEM PAYROLL BNI DIRECT-L|||NUS8XZ-Muhammad Fathi||
:61:230726DR5000000NTRF//
:86:TRANSFER KE|971333||||PEMINDAHAN KE   189960259 SIMSEM PAYROLL BNI DIRECT-L|||G2BMUN-lexsy edison berelaku||
:61:230726DR450000NTRF//
:86:TRANSFER KE|971346||||PEMINDAHAN KE   189960259 SIMSEM PAYROLL BNI DIRECT-L|||6MT5JR-Dewa Aji Ariwanto||
:61:230726DR450000NTRF//
:86:TRANSFER KE|971367||||PEMINDAHAN KE   189960259 SIMSEM PAYROLL BNI DIRECT-L|||6MT5JR-SAKTI ALAMSYAH ANUGERAH||
:61:230726DR450000NTRF//
:86:TRANSFER KE|971393||||PEMINDAHAN KE   189960259 SIMSEM PAYROLL BNI DIRECT-L|||6MT5JR-Panji Arif Firmansyah||
:61:230726DR350000NTRF//
:86:TRANSFER KE|971408||||PEMINDAHAN KE   189960259 SIMSEM PAYROLL BNI DIRECT-L|||GDRCG9-Ahmad Fauzi||
:61:230726DR5000000NTRF//
:86:TRANSFER KE|971430||||PEMINDAHAN KE   189960259 SIMSEM PAYROLL BNI DIRECT-L|||G2BMUN-teuku zulfansyah||
:61:230726DR350000NTRF//
:86:TRANSFER KE|971441||||PEMINDAHAN KE   189960259 SIMSEM PAYROLL BNI DIRECT-L|||GDRCG9-Hendra Saputra||
:61:230726DR9000000NTRF//
:86:TRANSFER KE|971466||||PEMINDAHAN KE   189960259 SIMSEM PAYROLL BNI DIRECT-L|||HWTF5Z-H irfan jaya idris Dg romb||
:61:230726DR5000000NTRF//
:86:TRANSFER KE|971477||||PEMINDAHAN KE   189960259 SIMSEM PAYROLL BNI DIRECT-L|||G2BMUN-yuwandri||
:61:230726DR450000NTRF//
:86:TRANSFER KE|971488||||PEMINDAHAN KE   189960259 SIMSEM PAYROLL BNI DIRECT-L|||6MT5JR-Ali Mansur||
:61:230726DR350000NTRF//
:86:TRANSFER KE|971504||||PEMINDAHAN KE   189960259 SIMSEM PAYROLL BNI DIRECT-L|||GDRCG9-Rahmawan Malik Saifuddin||
:61:230726DR5000000NTRF//
:86:TRANSFER KE|971529||||PEMINDAHAN KE   189960259 SIMSEM PAYROLL BNI DIRECT-L|||G2BMUN-Anjas Fuadillah||
:61:230726DR200000NTRF//
:86:TRANSFER KE|971542||||PEMINDAHAN KE   189960259 SIMSEM PAYROLL BNI DIRECT-L|||KEAT21-Ahmad Fauzi||
:61:230726DR450000NTRF//
:86:TRANSFER KE|971554||||PEMINDAHAN KE   189960259 SIMSEM PAYROLL BNI DIRECT-L|||6MT5JR-Amin Muhaimin||
:61:230726DR65000NTRF//
:86:TRANSFER KE|719046||||PEMINDAHAN KE   827933277 Bpk PRIHATIN  MANAT|||JOWU05-Prihatin Manat            ||0827933277 202307265012941973|
:61:230726DR24000NTRF//
:86:TRANSFER KE|734655||||PEMINDAHAN KE   397705779 MUHAMMAD YARDO RODIBILLAH|||ANCMTT-MUHAMMAD YARDO RODIBILLAH ||0397705779 202307260212942055|
:61:230726DR9000000NTRF//
:86:TRANSFER KE|986673||||PEMINDAHAN KE   189960259 SIMSEM PAYROLL BNI DIRECT-L|||HWTF5Z-Hartono||
:61:230726DR5000000NTRF//
:86:TRANSFER KE|986684||||PEMINDAHAN KE   189960259 SIMSEM PAYROLL BNI DIRECT-L|||G2BMUN-Novia Sari Satriandi||
:61:230726DR5000000NTRF//
:86:TRANSFER KE|986698||||PEMINDAHAN KE   189960259 SIMSEM PAYROLL BNI DIRECT-L|||G2BMUN-Azizul Fikri||
:61:230726DR5000000NTRF//
:86:TRANSFER KE|986712||||PEMINDAHAN KE   189960259 SIMSEM PAYROLL BNI DIRECT-L|||G2BMUN-Muhammad fahrizal||
:61:230726DR9000000NTRF//
:86:TRANSFER KE|986718||||PEMINDAHAN KE   189960259 SIMSEM PAYROLL BNI DIRECT-L|||HWTF5Z-Agus susanto||
:61:230726DR200000NTRF//
:86:TRANSFER KE|986726||||PEMINDAHAN KE   189960259 SIMSEM PAYROLL BNI DIRECT-L|||KEAT21-jumani||
:61:230726DR450000NTRF//
:86:TRANSFER KE|986747||||PEMINDAHAN KE   189960259 SIMSEM PAYROLL BNI DIRECT-L|||6MT5JR-Supriyanto||
:61:230726DR175000NTRF//
:86:TRANSFER KE|986762||||PEMINDAHAN KE   189960259 SIMSEM PAYROLL BNI DIRECT-L|||DLTR5B-Hendra Saputra||
:61:230726DR5000000NTRF//
:86:TRANSFER KE|986776||||PEMINDAHAN KE   189960259 SIMSEM PAYROLL BNI DIRECT-L|||G2BMUN-Joko Sumardiyono||
:61:230726DR5000000NTRF//
:86:TRANSFER KE|986792||||PEMINDAHAN KE   189960259 SIMSEM PAYROLL BNI DIRECT-L|||G2BMUN-Saprudin SH||
:61:230726DR5000000NTRF//
:86:TRANSFER KE|986800||||PEMINDAHAN KE   189960259 SIMSEM PAYROLL BNI DIRECT-L|||G2BMUN-Dwi Setiawan||
:61:230726DR5000000NTRF//
:86:TRANSFER KE|986811||||PEMINDAHAN KE   189960259 SIMSEM PAYROLL BNI DIRECT-L|||G2BMUN-Ali Mansur||
:61:230726DR9000000NTRF//
:86:TRANSFER KE|986825||||PEMINDAHAN KE   189960259 SIMSEM PAYROLL BNI DIRECT-L|||HWTF5Z-djoko wintolo||
:61:230726DR9000000NTRF//
:86:TRANSFER KE|986835||||PEMINDAHAN KE   189960259 SIMSEM PAYROLL BNI DIRECT-L|||HWTF5Z-Indra Pratama Adi Nugraha||
:61:230726DR9000000NTRF//
:86:TRANSFER KE|986846||||PEMINDAHAN KE   189960259 SIMSEM PAYROLL BNI DIRECT-L|||HWTF5Z-Akhmad Yusli Farchani||
:61:230726DR450000NTRF//
:86:TRANSFER KE|986857||||PEMINDAHAN KE   189960259 SIMSEM PAYROLL BNI DIRECT-L|||6MT5JR-Deny dwito||
:61:230726DR450000NTRF//
:86:TRANSFER KE|986870||||PEMINDAHAN KE   189960259 SIMSEM PAYROLL BNI DIRECT-L|||6MT5JR-Iswadi||
:61:230726DR350000NTRF//
:86:TRANSFER KE|986881||||PEMINDAHAN KE   189960259 SIMSEM PAYROLL BNI DIRECT-L|||GDRCG9-Akhmad Yusli Farchani||
:61:230726DR200000NTRF//
:86:TRANSFER KE|986892||||PEMINDAHAN KE   189960259 SIMSEM PAYROLL BNI DIRECT-L|||KEAT21-Khairul Anwar||
:61:230726DR9000000NTRF//
:86:TRANSFER KE|986903||||PEMINDAHAN KE   189960259 SIMSEM PAYROLL BNI DIRECT-L|||HWTF5Z-adypriyanto||
:61:230726DR175000NTRF//
:86:TRANSFER KE|986917||||PEMINDAHAN KE   189960259 SIMSEM PAYROLL BNI DIRECT-L|||DLTR5B-ERIK KURNIAWAN||
:61:230726DR175000NTRF//
:86:TRANSFER KE|986926||||PEMINDAHAN KE   189960259 SIMSEM PAYROLL BNI DIRECT-L|||DLTR5B-Ahmad Fauzi||
:61:230726DR175000NTRF//
:86:TRANSFER KE|986930||||PEMINDAHAN KE   189960259 SIMSEM PAYROLL BNI DIRECT-L|||DLTR5B-RONNY WIRDANANTO||
:61:230726DR350000NTRF//
:86:TRANSFER KE|986940||||PEMINDAHAN KE   189960259 SIMSEM PAYROLL BNI DIRECT-L|||GDRCG9-Nova Eko Prasetyo||
:61:230726DR200000NTRF//
:86:TRANSFER KE|986951||||PEMINDAHAN KE   189960259 SIMSEM PAYROLL BNI DIRECT-L|||KEAT21-RONNY WIRDANANTO||
:61:230726DR350000NTRF//
:86:TRANSFER KE|986969||||PEMINDAHAN KE   189960259 SIMSEM PAYROLL BNI DIRECT-L|||NUS8XZ-Aji sura saputra||
:61:230726DR9000000NTRF//
:86:TRANSFER KE|986979||||PEMINDAHAN KE   189960259 SIMSEM PAYROLL BNI DIRECT-L|||HWTF5Z-Anjas Fuadillah||
:61:230726DR350000NTRF//
:86:TRANSFER KE|986989||||PEMINDAHAN KE   189960259 SIMSEM PAYROLL BNI DIRECT-L|||GDRCG9-KARTONO||
:61:230726DR175000NTRF//
:86:TRANSFER KE|987001||||PEMINDAHAN KE   189960259 SIMSEM PAYROLL BNI DIRECT-L|||DLTR5B-asep muhidin||
:61:230726DR350000NTRF//
:86:TRANSFER KE|987013||||PEMINDAHAN KE   189960259 SIMSEM PAYROLL BNI DIRECT-L|||GDRCG9-HARIYANTO||
:61:230726DR175000NTRF//
:86:TRANSFER KE|987020||||PEMINDAHAN KE   189960259 SIMSEM PAYROLL BNI DIRECT-L|||DLTR5B-muchrizal||
:61:230726DR9000000NTRF//
:86:TRANSFER KE|987042||||PEMINDAHAN KE   189960259 SIMSEM PAYROLL BNI DIRECT-L|||HWTF5Z-Eko sarwanto||
:61:230726DR9000000NTRF//
:86:TRANSFER KE|987050||||PEMINDAHAN KE   189960259 SIMSEM PAYROLL BNI DIRECT-L|||HWTF5Z-Ari susanto||
:61:230726DR9000000NTRF//
:86:TRANSFER KE|987062||||PEMINDAHAN KE   189960259 SIMSEM PAYROLL BNI DIRECT-L|||HWTF5Z-Fathor Rakhman||
:61:230726DR1734000NTRF//
:86:TRANSFER KE|987067||||PEMINDAHAN KE   189960259 SIMSEM PAYROLL BNI DIRECT-L|||LSBO8J-Alamul Huda||
:61:230726DR350000NTRF//
:86:TRANSFER KE|987079||||PEMINDAHAN KE   189960259 SIMSEM PAYROLL BNI DIRECT-L|||GDRCG9-Agung Laksono||
:61:230726DR350000NTRF//
:86:TRANSFER KE|987088||||PEMINDAHAN KE   189960259 SIMSEM PAYROLL BNI DIRECT-L|||GDRCG9-Hendhi Charinta Septayana||
:61:230726DR350000NTRF//
:86:TRANSFER KE|987095||||PEMINDAHAN KE   189960259 SIMSEM PAYROLL BNI DIRECT-L|||NUS8XZ-Yulianto agus wibowo||
:61:230726DR9000000NTRF//
:86:TRANSFER KE|987108||||PEMINDAHAN KE   189960259 SIMSEM PAYROLL BNI DIRECT-L|||HWTF5Z-Fafan djauhari affandy||
:61:230726DR5000000NTRF//
:86:TRANSFER KE|987113||||PEMINDAHAN KE   189960259 SIMSEM PAYROLL BNI DIRECT-L|||G2BMUN-Rulie Sandyka||
:61:230726DR175000NTRF//
:86:TRANSFER KE|987121||||PEMINDAHAN KE   189960259 SIMSEM PAYROLL BNI DIRECT-L|||DLTR5B-Moch Rafilazwardi||
:61:230726DR175000NTRF//
:86:TRANSFER KE|987133||||PEMINDAHAN KE   189960259 SIMSEM PAYROLL BNI DIRECT-L|||DLTR5B-Bambang Kusmono||
:61:230726DR350000NTRF//
:86:TRANSFER KE|987145||||PEMINDAHAN KE   189960259 SIMSEM PAYROLL BNI DIRECT-L|||NUS8XZ-Khairul Anwar||
:61:230726DR9000000NTRF//
:86:TRANSFER KE|987158||||PEMINDAHAN KE   189960259 SIMSEM PAYROLL BNI DIRECT-L|||HWTF5Z-Estu Riyaka||
:61:230726DR350000NTRF//
:86:TRANSFER KE|987170||||PEMINDAHAN KE   189960259 SIMSEM PAYROLL BNI DIRECT-L|||GDRCG9-Sumarto||
:61:230726DR200000NTRF//
:86:TRANSFER KE|987181||||PEMINDAHAN KE   189960259 SIMSEM PAYROLL BNI DIRECT-L|||KEAT21-Sumarto||
:61:230726DR350000NTRF//
:86:TRANSFER KE|987194||||PEMINDAHAN KE   189960259 SIMSEM PAYROLL BNI DIRECT-L|||NUS8XZ-Amin Muhaimin||
:61:230726DR350000NTRF//
:86:TRANSFER KE|987203||||PEMINDAHAN KE   189960259 SIMSEM PAYROLL BNI DIRECT-L|||NUS8XZ-Ugan suganda tulus||
:61:230726DR5000000NTRF//
:86:TRANSFER KE|987217||||PEMINDAHAN KE   189960259 SIMSEM PAYROLL BNI DIRECT-L|||G2BMUN-Agus susanto||
:61:230726DR9000000NTRF//
:86:TRANSFER KE|987221||||PEMINDAHAN KE   189960259 SIMSEM PAYROLL BNI DIRECT-L|||HWTF5Z-Rahmawan Malik Saifuddin||
:61:230726DR95000NTRF//
:86:TRANSFER KE|021099||||PEMINDAHAN KE   4176764 Bpk MUHAMAD YUNAN HELMI|||EIQOP6-MUHAMAD YUNAN HELMI       ||0004176764 202307263012945889|
:61:230726DR65000NTRF//
:86:TRANSFER KE|025362||||PEMINDAHAN KE   241655328 Bpk   ANDROMEDA|||DLVE8E-Bpk ANDROMEDA             ||0241655328 202307263712945986|
:61:230726DR1500000NTRF//
:86:TRANSFER KE|030194||||PEMINDAHAN KE   1301608997 Bpk YANUAR  ADHI WINAHYU|||A4SNUI-yanuar adhi winahyu       ||1301608997 202307260712946165|
:61:230726DR92000NTRF//
:86:TRANSFER KE|034359||||PEMINDAHAN KE   278095463 Sdr YUSUF AGIL PAMUNGKAS|||Y2UWOL-Yusuf Agil Pamungkas      ||0278095463 202307263612946469|
:61:230726DR250000NTRF//
:86:TRANSFER KE|038515||||PEMINDAHAN KE   302607321 Bpk ANDRI OLOAN HARAHAP|||2OG1CL-Andri Oloan Harahap       ||0302607321 202307261412945755|
:61:230726DR350000NTRF//
:86:TRANSFER KE|046688||||PEMINDAHAN KE   1972082888 Bpk   REFNALDI|||LBZPMP-refnaldi                  ||1972082888 202307263412945967|
:61:230726DR8000000NTRF//
:86:TRANSFER KE|051125||||PEMINDAHAN KE   1278782197 Sdri AMALIA  SEPTYANI|||G2NFI8-Amalia Septyani           ||1278782197 202307260012946805|
:61:230726DR8000000NTRF//
:86:TRANSFER KE|055398||||PEMINDAHAN KE   136315927 Ibu   KUSUMAWARDHANI|||G2NFI8-Kusumawardhani            ||0136315927 202307263412946467|
:61:230726DR100000NTRF//
:86:TRANSFER KE|059558||||PEMINDAHAN KE   302607321 Bpk ANDRI OLOAN HARAHAP|||3C0MED-Andri Oloan Harahap       ||0302607321 202307262712945861|
:61:230726DR8000000NTRF//
:86:TRANSFER KE|076162||||PEMINDAHAN KE   331679596 Ibu TRI ZULHIJA JULIANA|||G2NFI8-TRI ZULHIJA JULIANA       ||0331679596 202307264112946517|
:61:230726DR1500000NTRF//
:86:TRANSFER KE|080035||||PEMINDAHAN KE   1972082888 Bpk   REFNALDI|||A4SNUI-refnaldi                  ||1972082888 202307265012946746|
:61:230726DR8000000NTRF//
:86:TRANSFER KE|083830||||PEMINDAHAN KE   1108468186  SRI ELITA UTAMI DEWI|||G2NFI8-SRI ELITA UTAMI DEWI      ||1108468186 202307263912946475|
:61:230726DR68000NTRF//
:86:TRANSFER KE|087624||||PEMINDAHAN KE   331679596 Ibu TRI ZULHIJA JULIANA|||OPW0BM-TRI ZULHIJA JULIANA       ||0331679596 202307261212945743|
:61:230726DR24000NTRF//
:86:TRANSFER KE|091466||||PEMINDAHAN KE   302607321 Bpk ANDRI OLOAN HARAHAP|||ANCMTT-Andri Oloan Harahap       ||0302607321 202307261312946193|
:61:230726DR270000NTRF//
:86:TRANSFER KE|095366||||PEMINDAHAN KE   426293606 Sdr KEVIN DIANDRATAMA WIBAW|||PZINQ6-Kevin Diandratama Wibawa  ||0426293606 202307261812946243|
:61:230726DR24000NTRF//
:86:TRANSFER KE|099134||||PEMINDAHAN KE   331679596 Ibu TRI ZULHIJA JULIANA|||ANCMTT-TRI ZULHIJA JULIANA       ||0331679596 202307260812945635|
:61:230726DR95000NTRF//
:86:TRANSFER KE|902039||||PEMINDAHAN KE   189960259 SIMSEM PAYROLL BNI DIRECT-L|||EIQOP6-Nurmiyati||
:61:230726DR350000NTRF//
:86:TRANSFER KE|902055||||PEMINDAHAN KE   189960259 SIMSEM PAYROLL BNI DIRECT-L|||GDRCG9-MUHAMMAD SYAFRIAL||
:61:230726DR350000NTRF//
:86:TRANSFER KE|902074||||PEMINDAHAN KE   189960259 SIMSEM PAYROLL BNI DIRECT-L|||NUS8XZ-arif eko prasetyo||
:61:230726DR350000NTRF//
:86:TRANSFER KE|902096||||PEMINDAHAN KE   189960259 SIMSEM PAYROLL BNI DIRECT-L|||NUS8XZ-MAHMUDI||
:61:230726DR350000NTRF//
:86:TRANSFER KE|902105||||PEMINDAHAN KE   189960259 SIMSEM PAYROLL BNI DIRECT-L|||GDRCG9-Hartono||
:61:230726DR9000000NTRF//
:86:TRANSFER KE|902114||||PEMINDAHAN KE   189960259 SIMSEM PAYROLL BNI DIRECT-L|||HWTF5Z-MUH KHANIFAN||
:61:230726DR350000NTRF//
:86:TRANSFER KE|902121||||PEMINDAHAN KE   189960259 SIMSEM PAYROLL BNI DIRECT-L|||GDRCG9-Ari susanto||
:61:230726DR5000000NTRF//
:86:TRANSFER KE|902128||||PEMINDAHAN KE   189960259 SIMSEM PAYROLL BNI DIRECT-L|||G2BMUN-adypriyanto||
:61:230726DR350000NTRF//
:86:TRANSFER KE|902135||||PEMINDAHAN KE   189960259 SIMSEM PAYROLL BNI DIRECT-L|||NUS8XZ-Fega pramagus saputra||
:61:230726DR5000000NTRF//
:86:TRANSFER KE|902148||||PEMINDAHAN KE   189960259 SIMSEM PAYROLL BNI DIRECT-L|||G2BMUN-Didik Rocki Wahyono||
:61:230726DR5000000NTRF//
:86:TRANSFER KE|902162||||PEMINDAHAN KE   189960259 SIMSEM PAYROLL BNI DIRECT-L|||G2BMUN-Rahmat Setyono||
:61:230726DR9000000NTRF//
:86:TRANSFER KE|902174||||PEMINDAHAN KE   189960259 SIMSEM PAYROLL BNI DIRECT-L|||HWTF5Z-Joko Sumardiyono||
:61:230726DR350000NTRF//
:86:TRANSFER KE|902185||||PEMINDAHAN KE   189960259 SIMSEM PAYROLL BNI DIRECT-L|||GDRCG9-Dwi Riyadi Susanto||
:61:230726DR350000NTRF//
:86:TRANSFER KE|902197||||PEMINDAHAN KE   189960259 SIMSEM PAYROLL BNI DIRECT-L|||GDRCG9-FATCHUL DEDY SANJAYA||
:61:230726DR5000000NTRF//
:86:TRANSFER KE|902206||||PEMINDAHAN KE   189960259 SIMSEM PAYROLL BNI DIRECT-L|||G2BMUN-eka budi prasetya k||
:61:230726DR5000000NTRF//
:86:TRANSFER KE|902221||||PEMINDAHAN KE   189960259 SIMSEM PAYROLL BNI DIRECT-L|||G2BMUN-Heru Senjoyo||
:61:230726DR350000NTRF//
:86:TRANSFER KE|902239||||PEMINDAHAN KE   189960259 SIMSEM PAYROLL BNI DIRECT-L|||GDRCG9-indra mulia lubis||
:61:230726DR5000000NTRF//
:86:TRANSFER KE|902246||||PEMINDAHAN KE   189960259 SIMSEM PAYROLL BNI DIRECT-L|||G2BMUN-Harjono||
:61:230726DR5000000NTRF//
:86:TRANSFER KE|902256||||PEMINDAHAN KE   189960259 SIMSEM PAYROLL BNI DIRECT-L|||G2BMUN-muchrizal||
:61:230726DR350000NTRF//
:86:TRANSFER KE|902270||||PEMINDAHAN KE   189960259 SIMSEM PAYROLL BNI DIRECT-L|||NUS8XZ-AHMAD MUSTOFA||
:61:230726DR95000NTRF//
:86:TRANSFER KE|902284||||PEMINDAHAN KE   189960259 SIMSEM PAYROLL BNI DIRECT-L|||EIQOP6-Bagus Wardana Kintoko||
:61:230726DR109000NTRF//
:86:TRANSFER KE|902330||||PEMINDAHAN KE   189960259 SIMSEM PAYROLL BNI DIRECT-L|||4SXFPE-jandi mukianto||
:61:230726DR1500000NTRF//
:86:TRANSFER KE|902376||||PEMINDAHAN KE   189960259 SIMSEM PAYROLL BNI DIRECT-L|||A4SNUI-Wiliyan||
:61:230726DR24000NTRF//
:86:TRANSFER KE|902434||||PEMINDAHAN KE   189960259 SIMSEM PAYROLL BNI DIRECT-L|||ANCMTT-Alvin Imanuel||
:61:230726DR95000NTRF//
:86:TRANSFER KE|902460||||PEMINDAHAN KE   189960259 SIMSEM PAYROLL BNI DIRECT-L|||EIQOP6-Debora Angreini Manik||
:61:230726DR63000NTRF//
:86:TRANSFER KE|103041||||PEMINDAHAN KE   847143231 Bpk   HOIRI|||KNCAW8-HOIRI                     ||0847143231 202307262312945827|
:61:230726DR24000NTRF//
:86:TRANSFER KE|106841||||PEMINDAHAN KE   1108468186  SRI ELITA UTAMI DEWI|||ANCMTT-SRI ELITA UTAMI DEWI      ||1108468186 202307263612945981|
:61:230726DR61000NTRF//
:86:TRANSFER KE|119467||||PEMINDAHAN KE   197820052 Ibu FLORA  KRISNAWATI|||NGLCDT-Flora Krisnawati          ||0197820052 202307261512946200|
:61:230726DR8000000NTRF//
:86:TRANSFER KE|123471||||PEMINDAHAN KE   8637098 Ibu HENI  AGUSTINA|||G2NFI8-Heni Agustina             ||0008637098 202307260112946131|
:61:230726DR360000NTRF//
:86:TRANSFER KE|127197||||PEMINDAHAN KE   241655328 Bpk   ANDROMEDA|||OUKAQY-Bpk ANDROMEDA             ||0241655328 202307262212946261|
:61:230726DR92000NTRF//
:86:TRANSFER KE|130918||||PEMINDAHAN KE   227907454 Bpk DUDUNG ABDUL MALIK|||Y2UWOL-Dudung Abdul Malik        ||0227907454 202307263112945945|
:61:230726DR650000NTRF//
:86:TRANSFER KE|143535||||PEMINDAHAN KE   4176764 Bpk MUHAMAD YUNAN HELMI|||8TBZHA-MUHAMAD YUNAN HELMI       ||0004176764 202307261612946206|
:61:230726DR65000NTRF//
:86:TRANSFER KE|148015||||PEMINDAHAN KE   827933277 Bpk PRIHATIN  MANAT|||DLVE8E-Prihatin Manat            ||0827933277 202307264812946031|
:61:230726DR350000NTRF//
:86:TRANSFER KE|152522||||PEMINDAHAN KE   331679596 Ibu TRI ZULHIJA JULIANA|||LBZPMP-TRI ZULHIJA JULIANA       ||0331679596 202307262812945875|
:61:230726DR204000NTRF//
:86:TRANSFER KE|161416||||PEMINDAHAN KE   4176764 Bpk MUHAMAD YUNAN HELMI|||J8APNP-MUHAMAD YUNAN HELMI       ||0004176764 202307265912946122|
:61:230726DR8000000NTRF//
:86:TRANSFER KE|169697||||PEMINDAHAN KE   84522338 Sdr RUDI ADITYO WICAKSONO|||G2NFI8-Rudi Adityo Wicaksono     ||0084522338 202307263312946461|
:61:230726DR75000NTRF//
:86:TRANSFER KE|174345||||PEMINDAHAN KE   4176764 Bpk MUHAMAD YUNAN HELMI|||LSBZDE-MUHAMAD YUNAN HELMI       ||0004176764 202307263312945958|
:61:230726DR95000NTRF//
:86:TRANSFER KE|179853||||PEMINDAHAN KE   1108468186  SRI ELITA UTAMI DEWI|||EIQOP6-SRI ELITA UTAMI DEWI      ||1108468186 202307262812946418|
:61:230726DR95000NTRF//
:86:TRANSFER KE|184425||||PEMINDAHAN KE   34818675 Bpk JOPO BANGUN SAROSO|||EIQOP6-Jopo Bangun Saroso        ||0034818675 202307263712946473|
:61:230726DR100000NTRF//
:86:TRANSFER KE|189101||||PEMINDAHAN KE   331679596 Ibu TRI ZULHIJA JULIANA|||3C0MED-TRI ZULHIJA JULIANA       ||0331679596 202307262512946378|
:61:230726DR95000NTRF//
:86:TRANSFER KE|197803||||PEMINDAHAN KE   1592235043 Sdri AGUSTINA  NABABAN|||EIQOP6-Agustina Nababan          ||1592235043 202307262312946374|
:61:230726DR109000NTRF//
:86:TRANSFER KE|201932||||PEMINDAHAN KE   111112029 Ibu RUNY RUSDYANTINAH INDRA|||4SXFPE-Runy Rusdyantinah Indrawat||0111112029 202307262712946382|
:61:230726DR65000NTRF//
:86:TRANSFER KE|205573||||PEMINDAHAN KE   260687685 Ibu HENNY  PURWANTI|||VMKCXF-Henny Purwanti            ||0260687685 202307262512945839|
:61:230726DR75000NTRF//
:86:TRANSFER KE|209415||||PEMINDAHAN KE   1754505166 Sdr   GUNAWAN|||WV629Y-Gunawan                   ||1754505166 202307263912946477|
:61:230726DR65000NTRF//
:86:TRANSFER KE|381163||||PEMINDAHAN KE   1108468186  SRI ELITA UTAMI DEWI|||JOWU05-SRI ELITA UTAMI DEWI      ||1108468186 202307263512947273|
:61:230726DR8000000NTRF//
:86:TRANSFER KE|384672||||PEMINDAHAN KE   244202192 IVANA YESSICA SETIA PUTRI|||G2NFI8-IVANA YESSICA SETIA PUTRI ||0244202192 202307262412947196|
:61:230726DR250000NTRF//
:86:TRANSFER KE|395572||||PEMINDAHAN KE   84522338 Sdr RUDI ADITYO WICAKSONO|||2OG1CL-Rudi Adityo Wicaksono     ||0084522338 202307262312947193|
:61:230726DR92000NTRF//
:86:TRANSFER KE|410414||||PEMINDAHAN KE   4176764 Bpk MUHAMAD YUNAN HELMI|||Y2UWOL-MUHAMAD YUNAN HELMI       ||0004176764 202307260412946844|
:61:230726DR61000NTRF//
:86:TRANSFER KE|414024||||PEMINDAHAN KE   1108468186  SRI ELITA UTAMI DEWI|||NGLCDT-SRI ELITA UTAMI DEWI      ||1108468186 202307260812946913|
:61:230726DR230000NTRF//
:86:TRANSFER KE|421441||||PEMINDAHAN KE   302607321 Bpk ANDRI OLOAN HARAHAP|||VGZL6B-Andri Oloan Harahap       ||0302607321 202307260312946831|
:61:230726DR68000NTRF//
:86:TRANSFER KE|446801||||PEMINDAHAN KE   278095463 Sdr YUSUF AGIL PAMUNGKAS|||OPW0BM-Yusuf Agil Pamungkas      ||0278095463 202307261012946951|
:61:230726DR65000NTRF//
:86:TRANSFER KE|450562||||PEMINDAHAN KE   331679596 Ibu TRI ZULHIJA JULIANA|||JOWU05-TRI ZULHIJA JULIANA       ||0331679596 202307262112947187|
:61:230726DR24000NTRF//
:86:TRANSFER KE|468908||||PEMINDAHAN KE   1301608997 Bpk YANUAR  ADHI WINAHYU|||ANCMTT-yanuar adhi winahyu       ||1301608997 202307262012947076|
:61:230726CR38000000NTRF//
:86:KREDIT LAIN-LAIN|610281|9880050823865072 Zonsen 1AQOLG||||||014 ZONSEN          TRANSFER DANA||
:61:230726DR145000NTRF//
:86:TRANSFER KE|621922||||PEMINDAHAN KE   397705779 MUHAMMAD YARDO RODIBILLAH|||STAUGV-MUHAMMAD YARDO RODIBILLAH ||0397705779 202307262912949721|
:61:230726DR95000NTRF//
:86:TRANSFER KE|625481||||PEMINDAHAN KE   251157251 Bpk SUTIKNO  SUMOMIHARJO|||EIQOP6-Sutikno Sumomiharjo       ||0251157251 202307263512949733|
:61:230726DR204000NTRF//
:86:TRANSFER KE|629122||||PEMINDAHAN KE   331679596 Ibu TRI ZULHIJA JULIANA|||J8APNP-TRI ZULHIJA JULIANA       ||0331679596 202307262112949695|
:61:230726DR61000NTRF//
:86:TRANSFER KE|632968||||PEMINDAHAN KE   827933277 Bpk PRIHATIN  MANAT|||NGLCDT-Prihatin Manat            ||0827933277 202307262312949698|
:61:230726DR31000NTRF//
:86:TRANSFER KE|637467||||PEMINDAHAN KE   331679596 Ibu TRI ZULHIJA JULIANA|||V1KSI4-TRI ZULHIJA JULIANA       ||0331679596 202307261112950243|
:61:230726DR23000NTRF//
:86:TRANSFER KE|640929||||PEMINDAHAN KE   466973923 Bpk SIMON  SITOMPUL|||N0OCIK-Simon sitompul            ||0466973923 202307265712949976|
:61:230726DR31000NTRF//
:86:TRANSFER KE|645548||||PEMINDAHAN KE   397705779 MUHAMMAD YARDO RODIBILLAH|||V1KSI4-MUHAMMAD YARDO RODIBILLAH ||0397705779 202307263912949821|
:61:230726DR63000NTRF//
:86:TRANSFER KE|649754||||PEMINDAHAN KE   155437840 Sdr   MARSERLY|||KNCAW8-Marserly                  ||0155437840 202307264212949828|
:61:230726DR100000NTRF//
:86:TRANSFER KE|653991||||PEMINDAHAN KE   251157251 Bpk SUTIKNO  SUMOMIHARJO|||3C0MED-Sutikno Sumomiharjo       ||0251157251 202307261812949690|
:61:230726DR95000NTRF//
:86:TRANSFER KE|657620||||PEMINDAHAN KE   562674902 Sdri SARI NOVANESSA SIREGAR|||EIQOP6-Sari Novanessa Siregar    ||0562674902 202307260912950228|
:61:230726DR230000NTRF//
:86:TRANSFER KE|661433||||PEMINDAHAN KE   426293606 Sdr KEVIN DIANDRATAMA WIBAW|||S54NMJ-Kevin Diandratama Wibawa  ||0426293606 202307262712949716|
:61:230726DR24000NTRF//
:86:TRANSFER KE|675727||||PEMINDAHAN KE   84522338 Sdr RUDI ADITYO WICAKSONO|||ANCMTT-Rudi Adityo Wicaksono     ||0084522338 202307261312950246|
:61:230726DR68000NTRF//
:86:TRANSFER KE|711696||||PEMINDAHAN KE   302607321 Bpk ANDRI OLOAN HARAHAP|||OPW0BM-Andri Oloan Harahap       ||0302607321 202307264812949883|
:61:230726DR700000NTRF//
:86:TRANSFER KE|715476||||PEMINDAHAN KE   1301608997 Bpk YANUAR  ADHI WINAHYU|||KSLDYI-yanuar adhi winahyu       ||1301608997 202307261512949672|
:61:230726DR75000NTRF//
:86:TRANSFER KE|719207||||PEMINDAHAN KE   1650489231 MASHUD|||LSBZDE-Mashud                    ||1650489231 202307264012949825|
:61:230726DR8000000NTRF//
:86:TRANSFER KE|723082||||PEMINDAHAN KE   278095463 Sdr YUSUF AGIL PAMUNGKAS|||G2NFI8-Yusuf Agil Pamungkas      ||0278095463 202307265912949981|
:61:230726DR68000NTRF//
:86:TRANSFER KE|726997||||PEMINDAHAN KE   696461651 Sdr GIAN PUTRA UTAMA|||OPW0BM-GIAN PUTRA UTAMA          ||0696461651 202307261712949683|
:61:230726DR63000NTRF//
:86:TRANSFER KE|730711||||PEMINDAHAN KE   331679596 Ibu TRI ZULHIJA JULIANA|||KNCAW8-TRI ZULHIJA JULIANA       ||0331679596 202307265812949978|
:61:230726DR65000NTRF//
:86:TRANSFER KE|738347||||PEMINDAHAN KE   7119998899 Bpk   GURUMUKH|||JOWU05-gurumukh                  ||7119998899 202307263812949807|
:61:230726DR230000NTRF//
:86:TRANSFER KE|741949||||PEMINDAHAN KE   278095463 Sdr YUSUF AGIL PAMUNGKAS|||S54NMJ-Yusuf Agil Pamungkas      ||0278095463 202307261812949688|
:61:230726DR100000NTRF//
:86:TRANSFER KE|745742||||PEMINDAHAN KE   4176764 Bpk MUHAMAD YUNAN HELMI|||3C0MED-MUHAMAD YUNAN HELMI       ||0004176764 202307261512949674|
:61:230726DR75000NTRF//
:86:TRANSFER KE|749387||||PEMINDAHAN KE   227907454 Bpk DUDUNG ABDUL MALIK|||LSBZDE-Dudung Abdul Malik        ||0227907454 202307264412949830|
:61:230726DR75000NTRF//
:86:TRANSFER KE|753075||||PEMINDAHAN KE   331679596 Ibu TRI ZULHIJA JULIANA|||WV629Y-TRI ZULHIJA JULIANA       ||0331679596 202307261712949685|
:61:230726DR65000NTRF//
:86:TRANSFER KE|760191||||PEMINDAHAN KE   275551567 Bpk FEBI  RIALDI|||JOWU05-Sdr Febi Rialdi           ||0275551567 202307262412949707|
:61:230726DR8000000NTRF//
:86:TRANSFER KE|763725||||PEMINDAHAN KE   7119998899 Bpk   GURUMUKH|||G2NFI8-gurumukh                  ||7119998899 202307263712949786|
:61:230726DR230000NTRF//
:86:TRANSFER KE|774862||||PEMINDAHAN KE   1108468186  SRI ELITA UTAMI DEWI|||S54NMJ-SRI ELITA UTAMI DEWI      ||1108468186 202307264512949849|
:61:230726DR63000NTRF//
:86:TRANSFER KE|778520||||PEMINDAHAN KE   1754505166 Sdr   GUNAWAN|||KNCAW8-Gunawan                   ||1754505166 202307262012949693|
:61:230726DR175000NTRF//
:86:TRANSFER KE|901097||||PEMINDAHAN KE   189960259 SIMSEM PAYROLL BNI DIRECT-L|||DLTR5B-Chalis Imaduddin A||
:61:230726CR38000000NTRF//
:86:SETOR TUNAI|184440|||||||9880050823463297 Petrus 1AQOLG||
:61:230726CR275248NTRF//
:86:TRF/PAY/TOP-UP ECHANNEL|699478||4097669911020000|OE360008535368914358||||9880050823315809 Ferdy Agusman 3C0MED||
:61:230726CR21000000NTRF//
:86:TRANSFER DARI|910408||||PEMINDAHAN DARI 248078963 WASIMAN SISWO HARJONO|||9880050823789654 Wasiman FZNNJG||
:61:230726CR21000000NTRF//
:86:TRANSFER DARI|922655||||PEMINDAHAN DARI 230833417  RENDI  REDIAN|||9880050823537416 Rendi redian FZNNJG||
:61:230726CR4997100NTRF//
:86:TRANSFER DARI|378672||||PEMINDAHAN DARI 789111555 SIMSEM RETUR BNI  DIRECT-ID|||NAMA BEDA / Bagus ihclas dandipriaansyah|0010541288 RETUR TRX LLG TGL. 26/07/2023|
:61:230726CR38000000NTRF//
:86:TRF/PAY/TOP-UP ECHANNEL|304423||6274930726030927|16720620        9683|PEMINDAHAN DARI 1126202434051|||9880050823978504 Dedi Yusuf 1AQOLG||
:62F:C230726IDR13902951035
:64:C230726IDR13902951035 
-}